% http://amath.colorado.edu/documentation/LaTeX/reference/faq/bibstyles.html
@book{picado2011frames,
  title={Frames and locales},
  author={Picado, Jorge and Pultr, Ale{\v{s}}},
  year={2011},
  publisher={Springer Basel AG}
}
