@inproceedings{bittig2010spatial,
  title={Spatial modeling in cell biology at multiple levels},
  author={Bittig, Arne T and Uhrmacher, Adelinde M},
  booktitle={Simulation Conference (WSC), Proceedings of the 2010 Winter},
  pages={608--619},
  year={2010},
  organization={IEEE}
}
  Also in WoS  (in Sc it's on 11th place)

@inproceedings{caravagna2010aspects,
  title={Aspects of multiscale modelling in a process algebra for biological systems},
  author={Caravagna, Roberto Barbuti Giulio and Maggiolo--Schettini, Paolo Milazzo Andrea and Tini, Simone},
  booktitle={Proceedings Compendium of the Fourth Workshop on Membrane Computing and Biologically Inspired Process Calculi (MeCBIC2010) and of the First Workshop on Applications of Membrane Computing, Concurrency, and Agent-based Modelling in Population Biology (AMCA-POP2010): Satellite Events of the Eleventh International Conference on Membrane Computing (CMC11), Friedrich Schiller University Jena, Germany 23 and 25 August 2010},
  pages={53},
  year={2010},
  organization={book-on-demand. de}
}

@inproceedings{caravagna2010modeling,
  title={Modeling biological systems with delays in Bio-PEPA},
  author={Caravagna, Giulio and Hillston, Jane},
  booktitle={MeCBIC},
  pages={85--101},
  year={2010}
}

@article{kwiatkowski2010formal,
  title={Formal computational framework for the study of molecular evolution},
  author={Kwiatkowski, Marek},
  year={2010},
  publisher={The University of Edinburgh}
}

@incollection{kuttler2010rule,
  title={Rule-based modeling of transcriptional attenuation at the tryptophan operon},
  author={Kuttler, C{\'e}line and Lhoussaine, C{\'e}dric and Nebut, Mirabelle},
  booktitle={Transactions on Computational Systems Biology XII},
  pages={199--228},
  year={2010},
  publisher={Springer}
}
  Also in WoS

@article{bioglio2011minimal,
  title={A Minimal OO Calculus for Modelling Biological Systems},
  author={Bioglio, Livio},
  journal={arXiv preprint arXiv:1109.1366},
  year={2011}
}

@article{pedersen2011syntactic,
  title={A Syntactic Abstraction for Rule-Based Languages with Binding},
  author={Pedersen, Michael},
  journal={Electronic Notes in Theoretical Computer Science},
  volume={277},
  pages={53--64},
  year={2011},
  publisher={Elsevier}
}
  Also in Sc

@article{machado2011modeling,
  title={Modeling formalisms in systems biology},
  author={Machado, Daniel and Costa, Rafael S and Rocha, Miguel and Ferreira, Eug{\'e}nio C and Tidor, Bruce and Rocha, Isabel},
  journal={AMB Express},
  volume={1},
  number={1},
  pages={1--14},
  year={2011},
  publisher={Springer}
}
  Also in Sc

@inproceedings{oury2011coloured,
  title={Coloured stochastic multilevel multiset rewriting},
  author={Oury, Nicolas and Plotkin, Gordon D},
  booktitle={Proceedings of the 9th International Conference on Computational Methods in Systems Biology},
  pages={171--181},
  year={2011},
  organization={ACM}
}

@article{lee2011using,
  title={Using Biological Networks to Perform Bayesian Inference},
  author={Lee, David T and Hsieh, Scott and Koller, Daphne and Winfree, Erik},
  year={2011}
}

@incollection{chandran2011computer,
  title={Computer-aided design for synthetic biology},
  author={Chandran, Deepak and Bergmann, Frank T and Sauro, Herbert M and Densmore, Douglas},
  booktitle={Design and Analysis of Biomolecular Circuits},
  pages={203--224},
  year={2011},
  publisher={Springer}
}

@phdthesis{caravagna2011formal,
  title={Formal modeling and simulation of biological systems with delays},
  author={Caravagna, Giulio},
  year={2011},
  school={PhD thesis}
}

@phdthesis{dolma2012implementing,
  title={Implementing Petri Nets for Modelling and Simulation in Biosciences},
  author={Dolma, Fatma},
  year={2012},
  school={Eastern Mediterranean University (EMU)}
}


@article{compaorevers,
  title={Vers un environnement g{\'e}n{\'e}rique pour la prise en compte de la topologie des systemes cellulaires dans les modeles de processus biologiques.},
  author={COMPAOR{\'E}, Anasthasie Jo{\"e}lle},
  year={2012}
}

================================
From 2012 and in Sc

@incollection{sedlmajer2012domain,
  title={A Domain Specific Language Approach for Genetic Regulatory Mechanisms Analysis},
  author={Sedlmajer, Nicolas and Buchs, Didier and Hostettler, Steve and Linard, Alban and B{\'o}beda, Edmundo L{\'o}pez and Marechal, Alexis},
  booktitle={Transactions on Petri Nets and Other Models of Concurrency VI},
  pages={123--145},
  year={2012},
  publisher={Springer}
}

================================
From 2012 and in WoS and Sc

@inproceedings{habibi2012emerging,
  title={The emerging field of synthetic biology: A review},
  author={Habibi, Narjeskhatoon and Hashim, Siti Zaiton Mohd and Rodriguez, Cesar A and Mohamad, Mohd Saberi Bin and Deris, Safaai Bin},
  booktitle={Intelligent and Advanced Systems (ICIAS), 2012 4th International Conference on},
  volume={1},
  pages={160--164},
  year={2012},
  organization={IEEE}
}


@article{caravagna2012bio,
  title={Bio-PEPAd: a non-Markovian extension of Bio-PEPA},
  author={Caravagna, Giulio and Hillston, Jane},
  journal={Theoretical Computer Science},
  volume={419},
  pages={26--49},
  year={2012},
  publisher={Elsevier}
}

@article{dalchau2012towards,
  title={Towards the rational design of synthetic cells with prescribed population dynamics},
  author={Dalchau, Neil and Smith, Matthew J and Martin, Samuel and Brown, James R and Emmott, Stephen and Phillips, Andrew},
  journal={Journal of The Royal Society Interface},
  volume={9},
  number={76},
  pages={2883--2898},
  year={2012},
  publisher={The Royal Society}
}

@article{barbuti2012foundational,
  title={Foundational aspects of multiscale modeling of biological systems with process algebras},
  author={Barbuti, Roberto and Caravagna, Giulio and Maggiolo-Schettini, Andrea and Milazzo, Paolo and Tini, Simone},
  journal={Theoretical Computer Science},
  volume={431},
  pages={96--116},
  year={2012},
  publisher={Elsevier}
}

================================

@incollection{plotkin2013calculus,
  title={A calculus of chemical systems},
  author={Plotkin, Gordon D},
  booktitle={In Search of Elegance in the Theory and Practice of Computation},
  pages={445--465},
  year={2013},
  publisher={Springer}
}

@article{oury2013multi,
  title={Multi-level modelling via stochastic multi-level multiset rewriting},
  author={Oury, Nicolas and Plotkin, Gordon},
  journal={Mathematical Structures in Computer Science},
  volume={23},
  number={02},
  pages={471--503},
  year={2013},
  publisher={Cambridge Univ Press}
}
  Also in WoS

@book{maus2013toward,
  title={Toward Accessible Multilevel Modeling in Systems Biology: A Rule-based Language Concept},
  author={Maus, Carsten},
  year={2013},
  publisher={Logos Verlag Berlin GmbH}
}

@misc{pedersen2013high,
  title={A high-level language for rule-based modeling},
  author={Pedersen, Michael and Phillips, Andrew and Plotkin, Gordon},
  year={2013}
}

@article{bioglio2013type,
  title={Type Disciplines for Systems Biology},
  author={Bioglio, Livio},
  year={2013}
}

@article{galpin2014hybrid,
  title={Hybrid semantics for Bio-PEPA},
  author={Galpin, Vashti},
  journal={Information and Computation},
  volume={236},
  pages={122--145},
  year={2014},
  publisher={Elsevier}
}
  Also in Sc and WoS

@incollection{blakes2014infobiotics,
  title={Infobiotics Workbench: AP Systems Based Tool for Systems and Synthetic Biology},
  author={Blakes, Jonathan and Twycross, Jamie and Konur, Savas and Romero-Campero, Francisco Jose and Krasnogor, Natalio and Gheorghe, Marian},
  booktitle={Applications of Membrane Computing in Systems and Synthetic Biology},
  pages={1--41},
  year={2014},
  publisher={Springer}
}

@incollection{pedersen2015programming,
  title={Programming Languages for Circuit Design},
  author={Pedersen, Michael and Yordanov, Boyan},
  booktitle={Computational Methods in Synthetic Biology},
  pages={81--104},
  year={2015},
  publisher={Springer}
}
  Also in Sc
