@article{dalchau2012towards,
  title={Towards the rational design of synthetic cells with prescribed population dynamics},
  author={Dalchau, Neil and Smith, Matthew J and Martin, Samuel and Brown, James R and Emmott, Stephen and Phillips, Andrew},
  journal={Journal of The Royal Society Interface},
  volume={9},
  number={76},
  pages={2883--2898},
  year={2012},
  publisher={The Royal Society}
}
  Also in Sc and WoS

@article{barbuti2012foundational,
  title={Foundational aspects of multiscale modeling of biological systems with process algebras},
  author={Barbuti, Roberto and Caravagna, Giulio and Maggiolo-Schettini, Andrea and Milazzo, Paolo and Tini, Simone},
  journal={Theoretical Computer Science},
  volume={431},
  pages={96--116},
  year={2012},
  publisher={Elsevier}
}
  Also in Sc and WoS


@incollection{plotkin2013calculus,
  title={A calculus of chemical systems},
  author={Plotkin, Gordon D},
  booktitle={In Search of Elegance in the Theory and Practice of Computation},
  pages={445--465},
  year={2013},
  publisher={Springer}
}

@article{oury2013multi,
  title={Multi-level modelling via stochastic multi-level multiset rewriting},
  author={Oury, Nicolas and Plotkin, Gordon},
  journal={Mathematical Structures in Computer Science},
  volume={23},
  number={02},
  pages={471--503},
  year={2013},
  publisher={Cambridge Univ Press}
}
  Also in WoS

@book{maus2013toward,
  title={Toward Accessible Multilevel Modeling in Systems Biology: A Rule-based Language Concept},
  author={Maus, Carsten},
  year={2013},
  publisher={Logos Verlag Berlin GmbH}
}

@misc{pedersen2013high,
  title={A high-level language for rule-based modeling},
  author={Pedersen, Michael and Phillips, Andrew and Plotkin, Gordon},
  year={2013}
}

@article{bioglio2013type,
  title={Type Disciplines for Systems Biology},
  author={Bioglio, Livio},
  year={2013}
}

@article{galpin2014hybrid,
  title={Hybrid semantics for Bio-PEPA},
  author={Galpin, Vashti},
  journal={Information and Computation},
  volume={236},
  pages={122--145},
  year={2014},
  publisher={Elsevier}
}
  Also in Sc and WoS

@incollection{blakes2014infobiotics,
  title={Infobiotics Workbench: AP Systems Based Tool for Systems and Synthetic Biology},
  author={Blakes, Jonathan and Twycross, Jamie and Konur, Savas and Romero-Campero, Francisco Jose and Krasnogor, Natalio and Gheorghe, Marian},
  booktitle={Applications of Membrane Computing in Systems and Synthetic Biology},
  pages={1--41},
  year={2014},
  publisher={Springer}
}

@incollection{pedersen2015programming,
  title={Programming Languages for Circuit Design},
  author={Pedersen, Michael and Yordanov, Boyan},
  booktitle={Computational Methods in Synthetic Biology},
  pages={81--104},
  year={2015},
  publisher={Springer}
}
  Also in Sc
