Scopus
EXPORT DATE: 11 January 2015

@ARTICLE{Pedersen201581,
author={Pedersen, M. and Yordanov, B.},
title={Programming languages for circuit design},
journal={Methods in Molecular Biology},
year={2015},
volume={1244},
pages={81-104},
note={cited By 0},
url={http://www.scopus.com/inward/record.url?eid=2-s2.0-84917705651&partnerID=40&md5=7b3e3be5c399851dc7044d2b247f925e},
document_type={Article},
source={Scopus},
}

@ARTICLE{Galpin2014122,
author={Galpin, V.},
title={Hybrid semantics for Bio-PEPA},
journal={Information and Computation},
year={2014},
volume={236},
pages={122-145},
note={cited By 0},
url={http://www.scopus.com/inward/record.url?eid=2-s2.0-84902282624&partnerID=40&md5=0f0b44a7646fa7882990ecefabfeee03},
document_type={Article},
source={Scopus},
}

@ARTICLE{Oury2013471,
author={Oury, N. and Plotkin, G.},
title={Multi-level modelling via stochastic multi-level multiset rewriting},
journal={Mathematical Structures in Computer Science},
year={2013},
volume={23},
number={2},
pages={471-503},
note={cited By 1},
url={http://www.scopus.com/inward/record.url?eid=2-s2.0-84877983446&partnerID=40&md5=a44d57e1dc128f84aa8b56d5b9b318aa},
document_type={Conference Paper},
source={Scopus},
}

@ARTICLE{Sedlmajer2012123,
author={Sedlmajer, N. and Buchs, D. and Hostettler, S. and Linard, A. and López Bóbeda, E. and Marechal, A.},
title={A domain specific language approach for genetic regulatory mechanisms analysis},
journal={Lecture Notes in Computer Science (including subseries Lecture Notes in Artificial Intelligence and Lecture Notes in Bioinformatics)},
year={2012},
volume={7400 LNCS},
pages={123-145},
note={cited By 0},
url={http://www.scopus.com/inward/record.url?eid=2-s2.0-84870005663&partnerID=40&md5=b62825e20c0445482ffb4a1715f41fea},
document_type={Conference Paper},
source={Scopus},
}

@ARTICLE{Dalchau20122883,
author={Dalchau, N. and Smith, M.J. and Martin, S. and Brown, J.R. and Emmott, S. and Phillips, A.},
title={Towards the rational design of synthetic cells with prescribed population dynamics},
journal={Journal of the Royal Society Interface},
year={2012},
volume={9},
number={76},
pages={2883-2898},
note={cited By 5},
url={http://www.scopus.com/inward/record.url?eid=2-s2.0-84867465591&partnerID=40&md5=c4f1a6b5c1a924f6aae1e3a8ab900cfa},
document_type={Article},
source={Scopus},
}

@CONFERENCE{Habibi2012160,
author={Habibi, N. and Hashim, S.Z.M. and Rodriguez, C.A. and Mohamad, M.S.B. and Deris, S.B.},
title={The emerging field of synthetic biology: A review},
journal={ICIAS 2012 - 2012 4th International Conference on Intelligent and Advanced Systems: A Conference of World Engineering, Science and Technology Congress (ESTCON) - Conference Proceedings},
year={2012},
volume={1},
pages={160-164},
art_number={6306179},
note={cited By 1},
url={http://www.scopus.com/inward/record.url?eid=2-s2.0-84867931552&partnerID=40&md5=240a663363b74dbd6b7b156b9b05c9e1},
document_type={Conference Paper},
source={Scopus},
}

@ARTICLE{Barbuti201296,
author={Barbuti, R. and Caravagna, G. and Maggiolo-Schettini, A. and Milazzo, P. and Tini, S.},
title={Foundational aspects of multiscale modeling of biological systems with process algebras},
journal={Theoretical Computer Science},
year={2012},
volume={431},
pages={96-116},
note={cited By 3},
url={http://www.scopus.com/inward/record.url?eid=2-s2.0-84859518128&partnerID=40&md5=e9f21297a0bab40d39a49d50fe54256d},
document_type={Article},
source={Scopus},
}

@ARTICLE{Caravagna201226,
author={Caravagna, G. and Hillston, J.},
title={Bio-PEPAd: A non-Markovian extension of Bio-PEPA},
journal={Theoretical Computer Science},
year={2012},
volume={419},
pages={26-49},
note={cited By 6},
url={http://www.scopus.com/inward/record.url?eid=2-s2.0-84855967684&partnerID=40&md5=f2a9ea7bd6328de42f769354f6eeab0f},
document_type={Article},
source={Scopus},
}

@ARTICLE{Machado20111,
author={Machado, D. and Costa, R.S. and Rocha, M. and Ferreira, E.C. and Tidor, B. and Rocha, I.},
title={Modeling formalisms in systems biology},
journal={AMB Express},
year={2011},
volume={1},
number={1},
pages={1-14},
note={cited By 19},
url={http://www.scopus.com/inward/record.url?eid=2-s2.0-84867843623&partnerID=40&md5=12a7b730a9d03aaa2cb392769c01a4d9},
document_type={Review},
source={Scopus},
}

@ARTICLE{Pedersen201153,
author={Pedersen, M.},
title={A syntactic abstraction for rule-based languages with binding},
journal={Electronic Notes in Theoretical Computer Science},
year={2011},
volume={277},
number={1},
pages={53-64},
note={cited By 0},
url={http://www.scopus.com/inward/record.url?eid=2-s2.0-80055074138&partnerID=40&md5=7a8da028665ce2b151c59abb62b35b58},
document_type={Conference Paper},
source={Scopus},
}

