	WEB OF SCIENCE
	##############


(2)  A language for biochemical systems: design and formal specification
========================================================================

@article{ ISI:000337655300009,
Author = {Galpin, Vashti},
Title = {{Hybrid semantics for Bio-PEPA}},
Journal = {{INFORMATION AND COMPUTATION}},
Year = {{2014}},
Volume = {{236}},
Number = {{SI}},
Pages = {{122-145}},
Month = {{AUG}},
DOI = {{10.1016/j.ic.2014.01.016}},
ISSN = {{0890-5401}},
EISSN = {{1090-2651}},
Unique-ID = {{ISI:000337655300009}},
}

@article{ ISI:000315459100012,
Author = {Oury, Nicolas and Plotkin, Gordon},
Title = {{Multi-level modelling via stochastic multi-level multiset rewriting}},
Journal = {{MATHEMATICAL STRUCTURES IN COMPUTER SCIENCE}},
Year = {{2013}},
Volume = {{23}},
Number = {{2, SI}},
Pages = {{471-503}},
Month = {{APR}},
DOI = {{10.1017/S0960129512000199}},
ISSN = {{0960-1295}},
Unique-ID = {{ISI:000315459100012}},
}

@article{ ISI:000309269100013,
Author = {Dalchau, Neil and Smith, Matthew J. and Martin, Samuel and Brown, James
   R. and Emmott, Stephen and Phillips, Andrew},
Title = {{Towards the rational design of synthetic cells with prescribed
   population dynamics}},
Journal = {{JOURNAL OF THE ROYAL SOCIETY INTERFACE}},
Year = {{2012}},
Volume = {{9}},
Number = {{76}},
Pages = {{2883-2898}},
Month = {{NOV 7}},
DOI = {{10.1098/rsif.2012.0280}},
ISSN = {{1742-5689}},
Unique-ID = {{ISI:000309269100013}},
}

@article{ ISI:000303302400008,
Author = {Barbuti, Roberto and Caravagna, Giulio and Maggiolo-Schettini, Andrea
   and Milazzo, Paolo and Tini, Simone},
Title = {{Foundational aspects of multiscale modeling of biological systems with
   process algebras}},
Journal = {{THEORETICAL COMPUTER SCIENCE}},
Year = {{2012}},
Volume = {{431}},
Pages = {{96-116}},
Month = {{MAY 4}},
DOI = {{10.1016/j.tcs.2011.12.058}},
ISSN = {{0304-3975}},
Unique-ID = {{ISI:000303302400008}},
}

@article{ ISI:000300534900004,
Author = {Caravagna, Giulio and Hillston, Jane},
Title = {{Bio-PEPAd: A non-Markovian extension of Bio-PEPA}},
Journal = {{THEORETICAL COMPUTER SCIENCE}},
Year = {{2012}},
Volume = {{419}},
Pages = {{26-49}},
Month = {{FEB 17}},
DOI = {{10.1016/j.tcs.2011.11.028}},
ISSN = {{0304-3975}},
Unique-ID = {{ISI:000300534900004}},
}

@inproceedings{ ISI:000313019600031,
Author = {Habibi, Narjeskhatoon and Hashim, Siti Zaiton Mohd and Rodriguez, Cesar
   A. and Bin Mohamad, Mohd Saberi and Bin Deris, Safaai},
Book-Group-Author = {{IEEE}},
Title = {{The Emerging Field of Synthetic Biology: a Review}},
Booktitle = {{2012 4TH INTERNATIONAL CONFERENCE ON INTELLIGENT AND ADVANCED SYSTEMS
   (ICIAS), VOLS 1-2}},
Year = {{2012}},
Pages = {{160-164}},
Note = {{4th International Conference on Intelligent and Advanced Systems (ICIAS)
   and A Conference of World Engineering, Science and Technology Congress
   (ESTCON), Kuala Lumpur, MALAYSIA, JUN 12-14, 2012}},
Organization = {{Univ Teknologi Petronas}},
ISBN = {{978-1-4577-1967-7}},
Unique-ID = {{ISI:000313019600031}},
}

@inproceedings{ ISI:000287976700054,
Author = {Bittig, Arne T. and Uhrmacher, Adelinde M.},
Editor = {{Johansson, B and Jain, S and MontoyaTorres, J and Hugan, J and Yucesan, E}},
Title = {{SPATIAL MODELING IN CELL BIOLOGY AT MULTIPLE LEVELS}},
Booktitle = {{PROCEEDINGS OF THE 2010 WINTER SIMULATION CONFERENCE}},
Series = {{Winter Simulation Conference Proceedings}},
Year = {{2010}},
Pages = {{608-619}},
Note = {{2010 Winter Simulation Conference, Baltimore, MD, DEC 05-08, 2010}},
Organization = {{IEEE; ASA; ACM/SIGSIM; IEEE/SMC; IIE; INFORMS-SIM; NIST; SCS}},
DOI = {{10.1109/WSC.2010.5679125}},
ISSN = {{0891-7736}},
ISBN = {{978-1-4244-9864-2}},
Unique-ID = {{ISI:000287976700054}},
}

@inproceedings{ ISI:000276716900006,
Author = {Kuttler, Celine and Lhoussaine, Cedric and Nebut, Mirabelle},
Editor = {{Priami, C and Breitling, R and Gilbert, D and Heiner, M and Uhrmacher, AM}},
Title = {{Rule-Based Modeling of Transcriptional Attenuation at the Tryptophan
   Operon}},
Booktitle = {{TRANSACTIONS ON COMPUTATIONAL SYSTEMS BIOLOGY XII}},
Series = {{LECTURE NOTES IN BIOINFORMATICS}},
Year = {{2010}},
Volume = {{5945}},
Pages = {{199-228}},
Note = {{6th International Conference on Computational Methods in Systems
   Biology, Rostock, GERMANY, OCT 12-15, 2008}},
ISSN = {{0302-9743}},
ISBN = {{978-3-642-11711-4}},
Unique-ID = {{ISI:000276716900006}},
}

