@incollection{attar2014fine,
  title={Fine-grained and coarse-grained reactive noninterference},
  author={Attar, Pejman and Castellani, Ilaria},
  booktitle={Trustworthy Global Computing},
  pages={159--179},
  year={2014},
  publisher={Springer}
}

@article{liang2014rely,
  title={Rely-Guarantee-Based Simulation for Compositional Verification of Concurrent Program Transformations},
  author={Liang, Hongjin and Feng, Xinyu and Fu, Ming},
  journal={ACM Transactions on Programming Languages and Systems (TOPLAS)},
  volume={36},
  number={1},
  pages={3},
  year={2014},
  publisher={ACM}
}

@article{sudbrock2013compositional,
  title={Compositional and Scheduler-Independent Information Flow Security},
  author={Sudbrock, Henning},
  year={2013},
  publisher={TU Darmstadt}
}

@phdthesis{sadowski2012doctor,
  title={DOCTOR OF PHILOSOPHY in COMPUTER SCIENCE},
  author={Sadowski, Caitlin Harrison},
  year={2012},
  school={UNIVERSITY OF CALIFORNIA SANTA CRUZ}
}

@article{sadowski2012dynamic,
  title={Dynamic prediction of concurrency errors},
  author={Sadowski, Caitlin},
  year={2012}
}

@article{franco2012lts,
  title={An LTS Semantic for Non-Cooperative Threads},
  author={Franco, Alberto},
  year={2012}
}

@article{franco2012trueconc,
  title={True Concurrency and Atomicity: a Model-Checking Approach with Contextual Petri Nets},
  author={Franco, Alberto and Baldan, Paolo},
  year={2012}
}


@incollection{luo2012automated,
  title={Automated code injection prevention for web applications},
  author={Luo, Zhengqin and Rezk, Tamara and Serrano, Manuel},
  booktitle={Theory of Security and Applications},
  pages={186--204},
  year={2012},
  publisher={Springer}
}


@inproceedings{liang2012rely,
  title={A rely-guarantee-based simulation for verifying concurrent program transformations},
  author={Liang, Hongjin and Feng, Xinyu and Fu, Ming},
  booktitle={ACM SIGPLAN Notices},
  volume={47},
  number={1},
  pages={455--468},
  year={2012},
  organization={ACM}
}

@inproceedings{albert2011task,
  title={Task-level analysis for a language with async/finish parallelism},
  author={Albert, Elvira and Arenas, Puri and Genaim, Samir and Zanardini, Damiano},
  booktitle={ACM SIGPLAN Notices},
  volume={46},
  number={5},
  pages={21--30},
  year={2011},
  organization={ACM}
}

