
@inproceedings{ ISI:000306615900011,
Author = {Luo, Zhengqin and Rezk, Tamara and Serrano, Manuel},
Editor = {{Modersheim, S and Palamidessi, C}},
Title = {{Automated Code Injection Prevention for Web Applications}},
Booktitle = {{THEORY OF SECURITY AND APPLICATIONS}},
Series = {{Lecture Notes in Computer Science}},
Year = {{2012}},
Volume = {{6993}},
Pages = {{186-204}},
Note = {{Conference on the Theory of Security and Applications, Saarbrucken,
   GERMANY, MAR 31-APR 01, 2011}},
ISSN = {{0302-9743}},
ISBN = {{978-3-642-27374-2}},
Unique-ID = {{ISI:000306615900011}},
}
