Scopus
EXPORT DATE: 12 January 2015

@CONFERENCE{Liang2012455,
author={Liang, H. and Feng, X. and Fu, M.},
title={A Rely-Guarantee-based Simulation for verifying concurrent program transformations},
journal={Conference Record of the Annual ACM Symposium on Principles of Programming Languages},
year={2012},
pages={455-468},
note={cited By 1},
url={http://www.scopus.com/inward/record.url?eid=2-s2.0-84857821633&partnerID=40&md5=2e30c88261dd944248dfd6d1c011ff76},
document_type={Conference Paper},
source={Scopus},
}

@CONFERENCE{Yi20103,
author={Yi, J. and Flanagan, C.},
title={Effects for cooperable and serializable threads},
journal={TLDI'10 - Proceedings of the 2010 ACM SIGPLAN Workshop on Types in Language Design and Implementation},
year={2010},
pages={3-14},
note={cited By 2},
url={http://www.scopus.com/inward/record.url?eid=2-s2.0-77950814986&partnerID=40&md5=1a85235c19ea8a04b24d2a0a01bea49d},
document_type={Conference Paper},
source={Scopus},
}

@CONFERENCE{Lee201025,
author={Lee, J.K. and Palsberg, J.},
title={Featherweight X10: A core calculus for async-finish parallelism},
journal={Proceedings of the ACM SIGPLAN Symposium on Principles and Practice of Parallel Programming, PPOPP},
year={2010},
pages={25-36},
note={cited By 13},
url={http://www.scopus.com/inward/record.url?eid=2-s2.0-77749268186&partnerID=40&md5=d87eb54d74276e18f9b0f3e767e91778},
document_type={Conference Paper},
source={Scopus},
}


Scopus
EXPORT DATE: 12 January 2015

@ARTICLE{Abadi20091,
author={Abadi, M. and Harris, T.},
title={Perspectives on transactional memory},
journal={Lecture Notes in Computer Science (including subseries Lecture Notes in Artificial Intelligence and Lecture Notes in Bioinformatics)},
year={2009},
volume={5710 LNCS},
pages={1-14},
note={cited By 3},
url={http://www.scopus.com/inward/record.url?eid=2-s2.0-70349883950&partnerID=40&md5=971c37f183cd2e771fa9f86543c81e6f},
document_type={Conference Paper},
source={Scopus},
}
