
@article{patrignani2014secure,
  title={Secure compilation to protected module architectures},
  author={Patrignani, Marco and Agten, Pieter and Strackx, Raoul and Jacobs, Bart and Clarke, Dave and Piessens, Frank},
  journal={ACM Transactions on Programming Languages and Systems},
  year={2014}
}

@inproceedings{larmuseau2014operational,
  title={Operational Semantics for Secure Interoperation},
  author={Larmuseau, Adriaan and Patrignani, Marco and Clarke, Dave},
  booktitle={Proceedings of the Ninth Workshop on Programming Languages and Analysis for Security},
  pages={40},
  year={2014},
  organization={ACM}
}

@incollection{abadi2014layout,
  title={Layout randomization and nondeterminism},
  author={Abadi, Mart{\'\i}n and Planul, J{\'e}r{\'e}my and Plotkin, Gordon D},
  booktitle={Horizons of the Mind. A Tribute to Prakash Panangaden},
  pages={1--39},
  year={2014},
  publisher={Springer}
}

@article{avalle2014formal,
  title={Formal verification of security protocol implementations: a survey},
  author={Avalle, Matteo and Pironti, Alfredo and Sisto, Riccardo},
  journal={Formal Aspects of Computing},
  volume={26},
  number={1},
  pages={99--123},
  year={2014},
  publisher={Springer}
}

@article{beebe2014complete,
  title={A Complete Bibliography of ACM Transactions on Information and System Security},
  author={Beebe, Nelson HF},
  year={2014}
}


@article{demicro,
  title={Micro-Policies},
  author={de Amorim, Arthur Azevedo and Giannarakis, Maxime D{\'e}nes1 Nick and Hritcu, Catalin and Pierce, Benjamin C and Spector-Zabusky, Antal and Tolmach, Andrew}
}

@techreport{okhravi2013survey,
  title={Survey of Cyber Moving Target Techniques},
  author={Okhravi, H and Rabe, MA and Mayberry, TJ and Leonard, WG and Hobson, TR and Bigelow, D and Streilein, WW},
  year={2013},
  institution={DTIC Document}
}

@inproceedings{fournet2013fully,
  title={Fully abstract compilation to JavaScript},
  author={Fournet, Cedric and Swamy, Nikhil and Chen, Juan and Dagand, Pierre-Evariste and Strub, Pierre-Yves and Livshits, Benjamin},
  booktitle={ACM SIGPLAN Notices},
  volume={48},
  number={1},
  pages={371--384},
  year={2013},
  organization={ACM}
}

@incollection{patrignani2013secure,
  title={Secure compilation of Object-Oriented components to protected module architectures},
  author={Patrignani, Marco and Clarke, Dave and Piessens, Frank},
  booktitle={Programming Languages and Systems},
  pages={176--191},
  year={2013},
  publisher={Springer}
}

@incollection{abadi2013layout,
  title={On layout randomization for arrays and functions},
  author={Abadi, Mart{\'\i}n and Planul, J{\'e}r{\'e}my},
  booktitle={Principles of Security and Trust},
  pages={167--185},
  year={2013},
  publisher={Springer}
}

