@ARTICLE{Avalle201499,
author={Avalle, M. and Pironti, A. and Sisto, R.},
title={Formal verification of security protocol implementations: A survey},
journal={Formal Aspects of Computing},
year={2014},
volume={26},
number={1},
pages={99-123},
note={cited By 1},
url={http://www.scopus.com/inward/record.url?eid=2-s2.0-84891883665&partnerID=40&md5=0b68e870f4a4d234a9ba259f7043e9c7},
document_type={Article},
source={Scopus},
}

@ARTICLE{Patrignani2013176,
author={Patrignani, M. and Clarke, D. and Piessens, F.},
title={Secure compilation of object-oriented components to protected module architectures},
journal={Lecture Notes in Computer Science (including subseries Lecture Notes in Artificial Intelligence and Lecture Notes in Bioinformatics)},
year={2013},
volume={8301 LNCS},
pages={176-191},
note={cited By 2},
url={http://www.scopus.com/inward/record.url?eid=2-s2.0-84893356819&partnerID=40&md5=56639738fa537a8872047c974b54980b},
document_type={Conference Paper},
source={Scopus},
}

@CONFERENCE{Fournet2013371,
author={Fournet, C. and Swamy, N. and Chen, J. and Dagand, P.-E. and Strub, P.-Y. and Livshits, B.},
title={Fully abstract compilation to JavaScript},
journal={Conference Record of the Annual ACM Symposium on Principles of Programming Languages},
year={2013},
pages={371-383},
note={cited By 4},
url={http://www.scopus.com/inward/record.url?eid=2-s2.0-84874150343&partnerID=40&md5=22e63a3ace073baeee37ba952516bb8b},
document_type={Conference Paper},
source={Scopus},
}

@ARTICLE{Fournet2013371,
author={Fournet, C. and Swamy, N. and Chen, J. and Dagand, P.-E. and Strub, P.-Y. and Livshits, B.},
title={Fully abstract compilation to JavaScript},
journal={ACM SIGPLAN Notices},
year={2013},
volume={48},
number={1},
pages={371-383},
note={cited By 5},
url={http://www.scopus.com/inward/record.url?eid=2-s2.0-84877897422&partnerID=40&md5=50aa7a060909bb9b53a84f05e24e3ccb},
document_type={Conference Paper},
source={Scopus},
}

@ARTICLE{Abadi201329,
author={Abadi, M. and Planul, J. and Plotkin, G.},
title={Layout randomization and nondeterminism},
journal={Electronic Notes in Theoretical Computer Science},
year={2013},
volume={298},
pages={29-50},
note={cited By 1},
url={http://www.scopus.com/inward/record.url?eid=2-s2.0-84888056284&partnerID=40&md5=cf90cacc6736be3a7415ceff8227c4e5},
document_type={Conference Paper},
source={Scopus},
}

@ARTICLE{Abadi2013167,
author={Abadi, M. and Planul, J.},
title={On layout randomization for arrays and functions},
journal={Lecture Notes in Computer Science (including subseries Lecture Notes in Artificial Intelligence and Lecture Notes in Bioinformatics)},
year={2013},
volume={7796 LNCS},
pages={167-185},
note={cited By 2},
url={http://www.scopus.com/inward/record.url?eid=2-s2.0-84874401176&partnerID=40&md5=2da71a1f14776836137d9fe92dd5ef71},
document_type={Conference Paper},
source={Scopus},
}

@ARTICLE{Abadi20121,
author={Abadi, M.},
title={Software security: A formal perspective},
journal={Lecture Notes in Computer Science (including subseries Lecture Notes in Artificial Intelligence and Lecture Notes in Bioinformatics)},
year={2012},
volume={7436 LNCS},
pages={1-5},
note={cited By 0},
url={http://www.scopus.com/inward/record.url?eid=2-s2.0-84865992223&partnerID=40&md5=3efd7b2f84d47424c26ad7639e3b996c},
document_type={Conference Paper},
source={Scopus},
}

@CONFERENCE{Strackx20122,
author={Strackx, R. and Piessens, F.},
title={Fides: Selectively hardening software application components against kernel-level or process-level malware},
journal={Proceedings of the ACM Conference on Computer and Communications Security},
year={2012},
pages={2-13},
note={cited By 5},
url={http://www.scopus.com/inward/record.url?eid=2-s2.0-84869412964&partnerID=40&md5=f5e90d4f03c02e301e3c6edc8a5bb3e8},
document_type={Conference Paper},
source={Scopus},
}

@ARTICLE{Agten20121,
author={Agten, P. and Nikiforakis, N. and Strackx, R. and De Groef, W. and Piessens, F.},
title={Recent developments in low-level software security},
journal={Lecture Notes in Computer Science (including subseries Lecture Notes in Artificial Intelligence and Lecture Notes in Bioinformatics)},
year={2012},
volume={7322 LNCS},
pages={1-16},
note={cited By 0},
url={http://www.scopus.com/inward/record.url?eid=2-s2.0-84863451358&partnerID=40&md5=76622088b1feb90311054afc21d82060},
document_type={Conference Paper},
source={Scopus},
}

@ARTICLE{Basile2012187,
author={Basile, C. and Di Carlo, S.D. and Scionti, A.},
title={FPGA-based remote-code integrity verification of programs in distributed embedded systems},
journal={IEEE Transactions on Systems, Man and Cybernetics Part C: Applications and Reviews},
year={2012},
volume={42},
number={2},
pages={187-200},
art_number={5727971},
note={cited By 4},
url={http://www.scopus.com/inward/record.url?eid=2-s2.0-84857503095&partnerID=40&md5=53032a14a9686213ad484d558ef7118c},
document_type={Article},
source={Scopus},
}

@CONFERENCE{Agten2012171,
author={Agten, P. and Strackx, R. and Jacobs, B. and Piessens, F.},
title={Secure compilation to modern processors},
journal={Proceedings of the Computer Security Foundations Workshop},
year={2012},
pages={171-185},
art_number={6266159},
note={cited By 4},
url={http://www.scopus.com/inward/record.url?eid=2-s2.0-84866925595&partnerID=40&md5=dc37acb463ec16b5042d3926b5163826},
document_type={Conference Paper},
source={Scopus},
}
