@article{phillips2014event,
  title={Event Identifier Logic},
  author={Phillips, Iain and Ulidowski, Irek},
  journal={Mathematical Structures in Computer Science},
  volume={24},
  number={02},
  pages={e240204},
  year={2014},
  publisher={Cambridge Univ Press}
}

@incollection{ulidowski2014concurrency,
  title={Concurrency and reversibility},
  author={Ulidowski, Irek and Phillips, Iain and Yuen, Shoji},
  booktitle={Reversible Computation},
  pages={1--14},
  year={2014},
  publisher={Springer}
}

@article{prisacariu2014extensions,
  title={Extensions of Configuration Structures},
  author={Prisacariu, Cristian},
  journal={arXiv preprint arXiv:1406.0641},
  year={2014}
}

@incollection{casu2014flow,
  title={Flow Unfolding of Multi-clock Nets},
  author={Casu, Giovanni and Pinna, G Michele},
  booktitle={Application and Theory of Petri Nets and Concurrency},
  pages={170--189},
  year={2014},
  publisher={Springer}
}

@phdthesis{rabehaja2014algebraic,
  title={Algebraic Verification of Probabilistic and Concurrent Systems},
  author={Rabehaja, Mananjanahary Tahiry},
  year={2014},
  school={University of Sheffield}
}

@article{horn2014concurrent,
  title={Concurrent Kleene Algebra of Partial Strings},
  author={Horn, Alex and Alglave, Jade},
  journal={arXiv preprint arXiv:1407.0385},
  year={2014}
}

@incollection{phillips2013modelling,
  title={Modelling of bonding with processes and events},
  author={Phillips, Iain and Ulidowski, Irek and Yuen, Shoji},
  booktitle={Reversible Computation},
  pages={141--154},
  year={2013},
  publisher={Springer}
}

@article{houben2013modeling,
  title={Modeling task systems using parameterized partial orders},
  author={Houben, Fred and Igna, Georgeta and Vaandrager, Frits},
  journal={International Journal on Software Tools for Technology Transfer},
  volume={15},
  number={3},
  pages={269--286},
  year={2013},
  publisher={Springer}
}

@incollection{phillips2013reversibility,
  title={Reversibility and asymmetric conflict in event structures},
  author={Phillips, Iain and Ulidowski, Irek},
  booktitle={CONCUR 2013--Concurrency Theory},
  pages={303--318},
  year={2013},
  publisher={Springer}
}

@inproceedings{cristescu2013compositional,
  title={A Compositional Semantics for the Reversible p-Calculus},
  author={Cristescu, Ioana and Krivine, Jean and Varacca, Daniele},
  booktitle={Logic in Computer Science (LICS), 2013 28th Annual IEEE/ACM Symposium on},
  pages={388--397},
  year={2013},
  organization={IEEE}
}

