Scopus
EXPORT DATE: 12 January 2015

@ARTICLE{Casu2014170,
author={Casu, G. and Pinna, G.M.},
title={Flow unfolding of multi-clock nets},
journal={Lecture Notes in Computer Science (including subseries Lecture Notes in Artificial Intelligence and Lecture Notes in Bioinformatics)},
year={2014},
volume={8489 LNCS},
pages={170-189},
note={cited By 0},
url={http://www.scopus.com/inward/record.url?eid=2-s2.0-84904115955&partnerID=40&md5=0631257a89d2960968ffa8b1d962ff81},
document_type={Conference Paper},
source={Scopus},
}

@ARTICLE{Phillips2014,
author={Phillips, I. and Ulidowski, I.},
title={Event identifier logic},
journal={Mathematical Structures in Computer Science},
year={2014},
volume={24},
number={2},
art_number={3000510},
note={cited By 2},
url={http://www.scopus.com/inward/record.url?eid=2-s2.0-84897917186&partnerID=40&md5=3ca1f198202294cbb379fd8e5bd89b44},
document_type={Article},
source={Scopus},
}

@ARTICLE{Ulidowski20141,
author={Ulidowski, I. and Phillips, I. and Yuen, S.},
title={Concurrency and reversibility},
journal={Lecture Notes in Computer Science (including subseries Lecture Notes in Artificial Intelligence and Lecture Notes in Bioinformatics)},
year={2014},
volume={8507 LNCS},
pages={1-14},
note={cited By 0},
url={http://www.scopus.com/inward/record.url?eid=2-s2.0-84905241693&partnerID=40&md5=19225ea2439b304c970d005e8c5c4680},
document_type={Conference Paper},
source={Scopus},
}

@ARTICLE{McIver2013653,
author={McIver, A. and Rabehaja, T. and Struth, G.},
title={An event structure model for probabilistic concurrent Kleene algebra},
journal={Lecture Notes in Computer Science (including subseries Lecture Notes in Artificial Intelligence and Lecture Notes in Bioinformatics)},
year={2013},
volume={8312 LNCS},
pages={653-667},
note={cited By 0},
url={http://www.scopus.com/inward/record.url?eid=2-s2.0-84893983991&partnerID=40&md5=53ec1fc45b76dd588d1eb1fdb2e7df0e},
document_type={Conference Paper},
source={Scopus},
}

@ARTICLE{Phillips2013303,
author={Phillips, I. and Ulidowski, I.},
title={Reversibility and asymmetric conflict in event structures},
journal={Lecture Notes in Computer Science (including subseries Lecture Notes in Artificial Intelligence and Lecture Notes in Bioinformatics)},
year={2013},
volume={8052 LNCS},
pages={303-318},
note={cited By 1},
url={http://www.scopus.com/inward/record.url?eid=2-s2.0-84882744825&partnerID=40&md5=140bbb6ab4fa36fa7244267e9c445991},
document_type={Conference Paper},
source={Scopus},
}

@ARTICLE{Phillips2013141,
author={Phillips, I. and Ulidowski, I. and Yuen, S.},
title={Modelling of bonding with processes and events},
journal={Lecture Notes in Computer Science (including subseries Lecture Notes in Artificial Intelligence and Lecture Notes in Bioinformatics)},
year={2013},
volume={7948 LNCS},
pages={141-154},
note={cited By 2},
url={http://www.scopus.com/inward/record.url?eid=2-s2.0-84880704262&partnerID=40&md5=14446b02382ebfc76f984b0572fcb2cc},
document_type={Conference Paper},
source={Scopus},
}

@ARTICLE{Couvreur201331,
author={Couvreur, J.-M. and Poitrenaud, D. and Weil, P.},
title={Branching processes of general petri nets},
journal={Fundamenta Informaticae},
year={2013},
volume={122},
number={1-2},
pages={31-58},
note={cited By 0},
url={http://www.scopus.com/inward/record.url?eid=2-s2.0-84876232263&partnerID=40&md5=6c16d5fd16da5316eee763346944e712},
document_type={Conference Paper},
source={Scopus},
}

@ARTICLE{Bochman2012231,
author={Bochman, A. and Gabbay, D.M.},
title={Causal dynamic inference},
journal={Annals of Mathematics and Artificial Intelligence},
year={2012},
volume={66},
number={1},
pages={231-256},
note={cited By 0},
url={http://www.scopus.com/inward/record.url?eid=2-s2.0-84871208234&partnerID=40&md5=47193d93d0a59513e092dd4e88cc7957},
document_type={Article},
source={Scopus},
}

@CONFERENCE{Nke2012866,
author={Nke, Y. and Lunze, J.},
title={Control reconfiguration based on unfolding of input/output automata},
journal={IFAC Proceedings Volumes (IFAC-PapersOnline)},
year={2012},
volume={8},
number={PART 1},
pages={866-873},
note={cited By 0},
url={http://www.scopus.com/inward/record.url?eid=2-s2.0-84867046801&partnerID=40&md5=4d340c32288d7919a61fa77f7da3580a},
document_type={Conference Paper},
source={Scopus},
}

@ARTICLE{Wang2012188,
author={Wang, X.},
title={Maximal confluent processes},
journal={Lecture Notes in Computer Science (including subseries Lecture Notes in Artificial Intelligence and Lecture Notes in Bioinformatics)},
year={2012},
volume={7347 LNCS},
pages={188-207},
note={cited By 1},
url={http://www.scopus.com/inward/record.url?eid=2-s2.0-84862501396&partnerID=40&md5=d43bffd0a0b494d2a2d32355cf218578},
document_type={Conference Paper},
source={Scopus},
}
