DBLP (Digital Bibliography & Library Project) was used to generated the
following BibTeX entries.

@inproceedings{DBLP:conf/lics/Plotkin10,
  author    = {Gordon D. Plotkin},
  title     = {Robin Milner, a Craftsman of Tools for the Mind},
  booktitle = {Proceedings of the 25th Annual {IEEE} Symposium on Logic in Computer
               Science, {LICS} 2010, 11-14 July 2010, Edinburgh, United Kingdom},
  pages     = {58--59},
  publisher = {{IEEE} Computer Society},
  year      = {2010},
  doi       = {10.1109/LICS.2010.31},
}

@article{DBLP:journals/tcsb/PedersenP10,
  author    = {Michael Pedersen and
               Gordon D. Plotkin},
  title     = {A Language for Biochemical Systems: Design and Formal Specification},
  journal   = {T. Comp. Sys. Biology},
  volume    = {5945},
  pages     = {77--145},
  year      = {2010},
  doi       = {10.1007/978-3-642-11712-1_3},
}

@article{DBLP:journals/corr/abs-1009-2405,
  author    = {Mart{\'{\i}}n Abadi and
               Gordon D. Plotkin},
  title     = {A Model of Cooperative Threads},
  journal   = {Logical Methods in Computer Science},
  volume    = {6},
  number    = {4},
  year      = {2010},
  doi       = {10.2168/LMCS-6(4:2)2010},
}

@inproceedings{DBLP:conf/csfw/AbadiP10,
  author    = {Mart{\'{\i}}n Abadi and
               Gordon D. Plotkin},
  title     = {On Protection by Layout Randomization},
  booktitle = {Proceedings of the 23rd {IEEE} Computer Security Foundations Symposium,
               {CSF} 2010, Edinburgh, United Kingdom, July 17-19, 2010},
  pages     = {337--351},
  publisher = {{IEEE} Computer Society},
  year      = {2010},
  doi       = {10.1109/CSF.2010.30},
}

@article{DBLP:journals/corr/abs-0912-4023,
  author    = {Rob J. van Glabbeek and
               Gordon D. Plotkin},
  title     = {Configuration Structures, Event Structures and Petri Nets},
  journal   = {CoRR},
  volume    = {abs/0912.4023},
  year      = {2009},
  url       = {http://arxiv.org/abs/0912.4023},
}

@inproceedings{hancox,
  author    = {Peter Hancox},
  title     = {Assessment for students registered for {P}h{D} and {MR}es degrees},
  booktitle = {Research Skills Module},
  pages     = {1--4},
  publisher = {University of Birmingham},
  year      = {2014},
}
